--- COMMENTS may be placed outside the @ENTRYTYPE{ ... } stuctures
--- CMS guidelines
---- Every journal article citation should include the DOI, assuming one exists.
---- All URLs for CMS notes, ANs, etc, should refer to the CDS server, not the CMS server. Use our standard format for them, as shown below.
----  CMS Notes not available on CDS are regarded as private and may not be cited.
----  CMS physics papers (i.e., those intended for publication in journals) may reference only POG PASs, not PAG PASs.
---- For papers by collaborations, list the collaboration in the COLLABOROATION field and put the first author and "and others" in the AUTHOR field.
----  If only the collaboration is listed as the author, put "{XXX Collaboration}" under AUTHOR.
---- Number of authors to list:
----   PRL requests that we include all authors up to fifteen except for large collaborations, and we take this as our internal guide as well. If there
----   are more than fifteen, just list the first + "and others", as above.
----   The individual journal bib style file (theirs, ours, PLB, etc.) will truncate at the appropriate point. We have ours set to _3_ as
----   a reminder to list the appropriate number. For larger collaborations, just use first author + "and others".
---- Use only the URL field instead of embedding an href (this is a change in our practice).
---- A reference only published on the arXiv should be listed as UNPUBLISHED (with a note "Submitted to XXX" for large collaboration papers).
----   Experimental papers only on the arXiv and not submitted for publication may not be cited.
---- Some journals will lowercase the title: use {} to protect words which must be capitalized, e.g., {LHC}, {TeV}, {CERN}, {CMS}.
----  Do not escape the entire title as it will then clash with the journal style.
---- Journal names: the journals generally include the series in the journal name, "Physical Review D", vol 5, rather than PR D5
%
% Notes hosted only on CDS are listed as TECHREPORTs.
%
@TECHREPORT{CMS_AN_2006-027,
     AUTHOR       = "I. Belotelov, I. Golutvin, D. Bourilkov, A. Lanyov, E. Rogalev, M. Savina, and S. Shmatov",
     TITLE        = "Search for {ADD} extra dimensional gravity in di-muon channel with the {CMS} Detector",
     TYPE      = "CMS Note",
     NUMBER       = "2006/076",
     URL          = "http://cdsweb.cern.ch/record/962045",
     YEAR         = "2006"}
@TECHREPORT{CMS_NOTE_2006-106,
     AUTHOR       = "M., Aldaya, P. Arce, J. Caballero, B. de la Cruz, P. Garcia-Abia, J.M. Hernandez, M.I. Josa, and E. Ruiz",
     TITLE        = "Discovery potential and search strategy for the Standard Model {H}iggs boson in the {$H\to ZZ^\star\to 4\mu$} decay channel using a mass-independent analysis",
     TYPE      = "CMS Note",
     NUMBER       = "2006/106",
     URL          = "http://cdsweb.cern.ch/record/962058",
     YEAR         = "2006"}
%
% standard article
%
@Article{Brandt:1997gi,
     author    = "A. Brandt \textit{et al.}",
 collaboration = "UA8",
     title     = "Measurements of single diffraction at $\sqrt{s} =$ 630 {GeV}:
                  Evidence for  a non-linear $\alpha(t)$ of the pomeron",
     journal   = "Nucl. Phys. B",
     volume    = "514",
     year      = "1998",
     pages     = "3",
     SLACcitation  = "%%CITATION = HEP-EX 9710004;%%",
     doi       = "10.1016/S0550-3213(97)00813-4"
}
@ARTICLE{Buchmuller:1986zs,
     AUTHOR       = "W. Buchm{\"u}ller, D. Wyler",
     TITLE        = "Constraints on {SU(5)}-type leptoquarks",
     JOURNAL      = "Phys. Lett. B",
     VOLUME       = "177",
     YEAR         = "1986",
     pages        = "377",
     SLACcitation  = "%%CITATION = PHLTA,B191,442;%%",
     doi          = "10.1016/0370-2693(86)90771-9"}
@Article{PTDR2,
     author    = "{CMS Collaboration}",
     title     = "{CMS} technical design report, volume {II}: {Physics}
                  performance",
     journal   = "J. Phys. G",
     volume    = "34",
     year      = "2007",
     pages     = "995-1579",
     doi       = "10.1088/0954-3899/34/6/S01",
     SLACcitation  = "%%CITATION = JPHGB,G34,995;%%"
}
% PAS are now TECHREPORTS. Same for Notes. A formatted list of PASs is located in [svn]/utils/branches/dev/general/pasBib-tech.bib
@TECHREPORT{CMS-PAS-JME-10-003,
      AUTHOR      = "{CMS Collaboration}",
      COLLABORATION = {CMS},
      TITLE       = "Jet Performance in pp Collisions at $\sqrt{s}$=7 {TeV}",
      URL         = "http://cdsweb.cern.ch/record/1279362",
      TYPE     = "CMS Physics Analysis Summary",
      NUMBER      = "CMS-PAS-JME-10-003",
      YEAR        = "2010"
}

@techreport{CMS-PAS-LUM-13-001,
      author = "{CMS Collaboration}",
      collaboration = "{CMS Collaboration}",
      title        = "{CMS} Luminosity Based on Pixel Cluster Counting - Summer
                      2013 Update",
      institution  = "CERN",
      address      = "Geneva",
      number       = "CMS-PAS-LUM-13-001",
      year         = "2013"
}

@article{Craig:2012vn,
      author         = "N. Craig and S. Thomas",
      title          = "{Exclusive Signals of an Extended Higgs Sector}",
      journal        = "JHEP",
      volume         = "1211",
      pages          = "083",
      doi            = "10.1007/JHEP11(2012)083",
      year           = "2012",
      eprint         = "1207.4835",
      archivePrefix  = "arXiv",
      primaryClass   = "hep-ph",
      reportNumber   = "RU-NHETC-2012-15",
      SLACcitation   = "%%CITATION = ARXIV:1207.4835;%%",
}

@article{Craig:2013hca,
      author         = "N. Craig and J. Galloway and S. Thomas",
      title          = "{Searching for Signs of the Second Higgs Doublet}",
      year           = "2013",
      eprint         = "1305.2424",
      archivePrefix  = "arXiv",
      primaryClass   = "hep-ph",
      reportNumber   = "RU-NHETC-2013-07",
      SLACcitation   = "%%CITATION = ARXIV:1305.2424;%%",
}

@article{Djouadi:2005gj,
      author         = "A. Djouadi",
      title          = "{The Anatomy of electro-weak symmetry breaking. II. The
                        Higgs bosons in the minimal supersymmetric model}",
      journal        = "Phys.Rept.",
      volume         = "459",
      pages          = "1-241",
      doi            = "10.1016/j.physrep.2007.10.005",
      year           = "2008",
      eprint         = "hep-ph/0503173",
      archivePrefix  = "arXiv",
      primaryClass   = "hep-ph",
      reportNumber   = "LPT-ORSAY-05-18",
      SLACcitation   = "%%CITATION = HEP-PH/0503173;%%",
}
%
% An example of a document which only appears on arXiv. This one could alternatively be cited as a TECHREPORT using any of the various laboratory report numbers when hosted on a lab server:
% reportNumber   = "CERN-PH-EP-2010-095, FERMILAB-TM-2480-PPD, LEPEWWG-2010-01, TEVEWWG-2010-01, ALEPH-2010-001-PHYSICS-2010-001, CDF-NOTE-10338, D0-NOTE-6130, DELPHI-DELPHI-2010-001-PHYS-952, L3-NOTE-2837, OPAL-PR432, SLAC-PUB-14301",
%
@UNPUBLISHED{LEPewkfits,
     author = "{ALEPH, CDF, D0, DELPHI, L3, OPAL, SLD Collaborations,
                                    the LEP Electroweak Working Group, the Tevatron Electroweak Working Group, and the SLD Electroweak and Heavy Flavour Groups}",
     title     = "Precision electroweak measurements and constraints on
the {Standard Model}",
     URL       = "http://lepewwg.web.cern.ch/LEPEWWG",
     eprint    = "1012.2367",
     archivePrefix = "arXiv",
     primaryClass  =  "hep-ex",
     year  = "2010",
     SLACcitation  = "%%CITATION = 1012.2367;%%"
}
%
% A document hosted on a laboratory server
%
@TECHREPORT{Bertram:2000br,
  author = "I. Bertram, G. Landsberg, J. Linnemann, R.  Partridge, M. Paterno, and H.B. Prosper",
  title =  "A Recipe for the construction of confidence limits",
  institution = "Fermilab",
  number     = "{TM-2104}",
  url = "http://lss.fnal.gov/archive/test-tm/2000/fermilab-tm-2104.pdf",
  year = "2000"
 }
 %
 % A document included in Proceedings. PRL may want the ADDRESS field as well.
 %
@INPROCEEDINGS{RooStats,
  AUTHOR       = "L. Moneta, K. Belasco, K.S. Cranmer, A. Lazzaro, D. Piparo, G. Schott, W. Verkerke, and M. Wolf",
  TITLE        = "The {R}oo{S}tats {P}roject",
  BOOKTITLE = "13$^\text{th}$ International Workshop on Advanced Computing and Analysis Techniques in Physics Research (ACAT2010)",
  YEAR         = "2010",
  PUBLISHER = "SISSA",
  NOTE = "{PoS(ACAT2010)057}",
  URL          = "http://pos.sissa.it/archive/conferences/093/057/ACAT2010_057.pdf",
  eprint = "1009.1003",
  primaryClass = "physics.data-an"
}
%
% CMS/ATLAS papers submitted but not yet accepted; The SLACcitation is not required. This is only for illustration, these are now published.
% Upon acceptance the note is modified and the DOI included (if available).
%
@Unpublished{Khachatryan:2010mp,
     author    = "{CMS Collaboration}",
     collaboration = "CMS",
     title     = "Search for Pair Production of First-Generation Scalar Leptoquarks in pp Collisions at $\sqrt{s} = 7$ {TeV}",
     note  = "Submitted to \textit{Phys. Rev. Lett.}",
     eprint    = "1012.4031",
     archivePrefix = "arXiv",
     primaryClass  =  "hep-ex",
     year = "2010",
     SLACcitation  = "%%CITATION = 1012.4031;%%"
}
@Unpublished{CMS-PAPER-MUO-10-004,
     author    = "{CMS Collaboration}",
     collaboration = "CMS",
     title     = "Performance of CMS muon reconstruction in pp collision events at $\sqrt{s} = 7$\TeV",
     note  = "Submitted to \textit{J. Inst.}",
     eprint    = "1206.4071",
     archivePrefix = "arXiv",
     primaryClass  =  "physics.ins-det",
     year = "2012",
}
@Unpublished{ATLAS:2011aa,
        Archiveprefix = {arXiv},
        Author = {{ATLAS Collaboration}},
        Collaboration = {ATLAS},
        Eprint = {1112.2577},
        Note = {Submitted to \textit{Phys. Rev. Lett.}},
        Primaryclass = {hep-ex},
        Slaccitation = {%%CITATION = 1112.2577;%%},
        Title = {Search for the {H}iggs boson in the {$H\to$WW(*)$\to \ell^+ \nu \ell^- \bar{\nu}$} decay channel in pp collisions at $\sqrt{s}$ = 7 {TeV} with the {ATLAS} detector},
        Year = {2011}}
% Misc
@Article{Cacciari:2008gp,
     AUTHOR    = "M. Cacciari and G.P. Salam and G. Soyez",
     TITLE     = "The anti-$k_t$ jet clustering algorithm",
     JOURNAL   = "JHEP",
     VOLUME    = "04",
     YEAR      = "2008",
     PAGES     = "063",
     doi       = "10.1088/1126-6708/2008/04/063",
     eprint         = "0802.1189",
     archivePrefix  = "arXiv",
     primaryClass   = "hep-ex",
}
@Article{Sjostrand:2006za,
      author         = "T. Sj{\"o}strand, S. Mrenna, and P. Skands,",
      title          = "{PYTHIA} 6.4 physics and manual",
      journal        = "JHEP",
      volume         = "05",
      pages          = "026",
      doi            = "10.1088/1126-6708/2006/05/026",
      year           = "2006",
      eprint         = "hep-ph/0603175",
      archivePrefix  = "arXiv",
      primaryClass   = "hep-ph",
      reportNumber   = "FERMILAB-PUB-06-052-CD-T, LU-TP-06-13",
      SLACcitation   = "%%CITATION = HEP-PH/0603175;%%",
}


@article{GLOBE,
    author = "higgs to gg analysis group",
    title = "http://cmssw.cvs.cern.ch/cgi-bin/cmssw.cgi/UserCode/HiggsAnalysis/HiggsTo2photon/",
}

@article{ROME,
author = {rome Hgg analysis group},
title = {http://cmssw.cvs.cern.ch/cgi-bin/cmssw.cgi/UserCode/rahatlou/Analysis/Higgs/RedNtpTree.cc?view=log}
}



@article{JetResolutionTwiki,
author = {jetMET},
title = {https://twiki.cern.ch/twiki/bin/view/CMS/JetResolution}
}

@article{btagSFTwiki,
author = { B T V POG},
title = {https://twiki.cern.ch/twiki/bin/viewauth/CMS/BtagPOG}
}

@TECHREPORT{HggCMS,
  author = "Hgg group",
  title =  "Updated measurements of the new Higgs-like boson at 125 GeV in the two photon decay channel. ",
  institution = "AN-2013/008",
  year = "2013",
  url = {http://cms.cern.ch/iCMS/jsp/openfile.jsp?tp=draft&files=AN2013_008_v4.pdf}
 }

@TECHREPORT{HggCMS2011,
  author = "Group Hgg",
  title =  "Search for a Higgs boson decaying into two photons in proton-proton collisions recorded by the CMS detector at the LHC",
  institution = "AN-2011/129",
  year = "2011",
  url = {http://cms.cern.ch/iCMS/jsp/openfile.jsp?tp=draft&files=AN2011_129_v6.pdf}
 }

@TECHREPORT{HbbVBF_CMS,
  author = "Group HbbVBF",
  title =  " Search for the Standard Model Higgs Boson Produced in Vector Boson Fusion and Decaying to Bottom Quarks",
  institution = "AN-2012/395",
  year = "2013",
  url = {http://cms.cern.ch/iCMS/jsp/openfile.jsp?tp=draft&files=AN2012_395_v4.pdf}
 }

@TECHREPORT{PairedDijet,
  author = "Group PairedDijet",
  title =  " Search for the Standard Model Higgs Boson Produced in Vector Boson Fusion and Decaying to Bottom Quarks",
  institution = "AN-2012/395",
  year = "2013",
  url = {http://cms.cern.ch/iCMS/jsp/openfile.jsp?tp=draft&files=AN2012_395_v4.pdf}
}

@TECHREPORT{Dijet,
  author = "Group Dijet",
  title =  "Search for Narrow Resonances using the Dijet Mass Spectrum in pp Collisions at $\sqrt{s}=8$ TeV with full 2012 dataset",
  institution = "AN-2012/455",
  year = "2012",
  url = {http://cms.cern.ch/iCMS/jsp/openfile.jsp?tp=draft&files=AN2012_455_v8.pdf}
}

@article{ZZ_llJ,
      author         = "S. Chatrchyan \textit{et al.}",
      title          = "{Search for exotic resonances decaying into $WZ/ZZ$ in
                        $pp$ collisions at $\sqrt{s}=7$ TeV}",
      collaboration  = "CMS",
      journal        = "JHEP",
      volume         = "1302",
      pages          = "036",
      doi            = "10.1007/JHEP02(2013)036",
      year           = "2013",
      eprint         = "1211.5779",
      archivePrefix  = "arXiv",
      primaryClass   = "hep-ex",
      reportNumber   = "CMS-EXO-12-014, CERN-PH-EP-2012-312",
      SLACcitation   = "%%CITATION = ARXIV:1211.5779;%%",
}



@article{Baglio:2012np,
      author         = "J. Baglio and A. Djouadi and and R. Gröber and
                        M.M. Mühlleitner and J. Quevillon \textit{et al.}",
      title          = "{The measurement of the Higgs self-coupling at the LHC:
                        theoretical status}",
      journal        = "JHEP",
      volume         = "1304",
      pages          = "151",
      doi            = "10.1007/JHEP04(2013)151",
      year           = "2013",
      eprint         = "1212.5581",
      archivePrefix  = "arXiv",
      primaryClass   = "hep-ph",
      reportNumber   = "KA-TP-44-2012, SFB-CPP-12-102, LPT-ORSAY-12-124,
                        PSI-PR-12-10",
      SLACcitation   = "%%CITATION = ARXIV:1212.5581;%%",
}

@article{Gouzevitch:2013qca,
      author         = "M. Gouzevitch and A. Oliveira and J. Rojo,
                        R. Rosenfeld and G.P. Salam \textit{et al.}",
      title          = "{Scale-invariant resonance tagging in multijet events and
                        new physics in Higgs pair production}",
      journal        = "JHEP",
      volume         = "1307",
      pages          = "148",
      doi            = "10.1007/JHEP07(2013)148",
      year           = "2013",
      eprint         = "1303.6636",
      archivePrefix  = "arXiv",
      primaryClass   = "hep-ph",
      reportNumber   = "CERN-PH-TH-2012-311, ICTP-SAIFR-2013-003",
      SLACcitation   = "%%CITATION = ARXIV:1303.6636;%%",
}


@article{Plehn:1996wb,
      author         = "T. Plehn and M. Spira and P. M. Zerwas",
      title          = "{Pair production of neutral Higgs particles in
                        gluon-gluon collisions}",
      journal        = "Nucl.Phys.",
      volume         = "B479",
      pages          = "46-64",
      doi            = "10.1016/0550-3213(96)00418-X",
      year           = "1996",
      eprint         = "hep-ph/9603205",
      archivePrefix  = "arXiv",
      primaryClass   = "hep-ph",
      reportNumber   = "DESY-95-215",
      SLACcitation   = "%%CITATION = HEP-PH/9603205;%%",
}

@article{Belyaev:1999mx,
      author         = "A. Belyaev and M. Drees and and O. Eboli and
                        J.K. Mizukoshi and S.F. Novaes",
      title          = "{Supersymmetric Higgs pair production at hadron
                        colliders}",
      journal        = "Phys.Rev.",
      volume         = "D60",
      pages          = "075008",
      doi            = "10.1103/PhysRevD.60.075008",
      year           = "1999",
      eprint         = "hep-ph/9905266",
      archivePrefix  = "arXiv",
      primaryClass   = "hep-ph",
      reportNumber   = "SLAC-PUB-8123, IFT-P-035-99",
      SLACcitation   = "%%CITATION = HEP-PH/9905266;%%",
}

%continue editing authors here!!!!!


@article{Contino:2012xk,
      author         = "Contino, Roberto and Ghezzi, Margherita and Moretti,
                        Mauro and Panico, Giuliano and Piccinini, Fulvio and
                        others",
      title          = "{Anomalous Couplings in Double Higgs Production}",
      journal        = "JHEP",
      volume         = "1208",
      pages          = "154",
      doi            = "10.1007/JHEP08(2012)154",
      year           = "2012",
      eprint         = "1205.5444",
      archivePrefix  = "arXiv",
      primaryClass   = "hep-ph",
      SLACcitation   = "%%CITATION = ARXIV:1205.5444;%%",
}

@article{Ellis:2013ywa,
      author         = "Ellis, John and Sanz, Verónica and You, Tevong",
      title          = "{Associated Production Evidence against Higgs Impostors
                        and Anomalous Couplings}",
      journal        = "Eur.Phys.J.",
      volume         = "C73",
      pages          = "2507",
      doi            = "10.1140/epjc/s10052-013-2507-6",
      year           = "2013",
      eprint         = "1303.0208",
      archivePrefix  = "arXiv",
      primaryClass   = "hep-ph",
      reportNumber   = "KCL-PH-TH-2013-06, LCTS-2013-03, CERN-PH-TH-2013-017",
      SLACcitation   = "%%CITATION = ARXIV:1303.0208;%%",
}

@article{Dib:2005re,
      author         = "Dib, Claudio O. and Rosenfeld, Rogerio and Zerwekh,
                        Alfonso",
      title          = "{Double Higgs production and quadratic divergence
                        cancellation in little Higgs models with T parity}",
      journal        = "JHEP",
      volume         = "0605",
      pages          = "074",
      doi            = "10.1088/1126-6708/2006/05/074",
      year           = "2006",
      eprint         = "hep-ph/0509179",
      archivePrefix  = "arXiv",
      primaryClass   = "hep-ph",
      SLACcitation   = "%%CITATION = HEP-PH/0509179;%%",
}

@article{Oliveira:2010uv,
      author         = "Oliveira, A. and Rosenfeld, R.",
      title          = "{Hidden sector effects on double higgs production near
                        threshold at the LHC}",
      journal        = "Phys.Lett.",
      volume         = "B702",
      pages          = "201-204",
      doi            = "10.1016/j.physletb.2011.06.086",
      year           = "2011",
      eprint         = "1009.4497",
      archivePrefix  = "arXiv",
      primaryClass   = "hep-ph",
      SLACcitation   = "%%CITATION = ARXIV:1009.4497;%%",
}

@article{Madgraph_Alwall:2011uj,
      author         = "Alwall, Johan and Herquet, Michel and Maltoni, Fabio and
                        Mattelaer, Olivier and Stelzer, Tim",
      title          = "{MadGraph 5 : Going Beyond}",
      journal        = "JHEP",
      volume         = "06",
      pages          = "128",
      doi            = "10.1007/JHEP06(2011)128",
      year           = "2011",
      eprint         = "1106.0522",
      archivePrefix  = "arXiv",
      primaryClass   = "hep-ph",
      reportNumber   = "FERMILAB-PUB-11-448-T",
      SLACcitation   = "%%CITATION = ARXIV:1106.0522;%%",
}

@ARTICLE{Pythia6-0,
     AUTHOR       = "Sjostrand, T. and Mrenna, S. and Skands, P.",
     TITLE        = "PYTHIA 6.4 physics and manual",
     JOURNAL      = "J. High Energy Phys.",
     VOLUME       = "0605",
     YEAR         = "2006",
     pages        = "026",
     doi          = "10.1088/1126-6708/2006/05/026",
}

@article{higgsdiscoveryAtlas,
      author         = "Aad, Georges \textit{et al.}",
      title          = "{Observation of a new particle in the search for the
                        Standard Model Higgs boson with the ATLAS detector at the
                        LHC}",
      collaboration  = "ATLAS",
      journal        = "Phys.Lett.",
      volume         = "B716",
      pages          = "1-29",
      doi            = "10.1016/j.physletb.2012.08.020",
      year           = "2012",
      eprint         = "1207.7214",
      archivePrefix  = "arXiv",
      primaryClass   = "hep-ex",
      reportNumber   = "CERN-PH-EP-2012-218",
      SLACcitation   = "%%CITATION = ARXIV:1207.7214;%%",
}

@article{Chatrchyan:2012ufa,
      author         = "Chatrchyan, Serguei \textit{et al.}",
      title          = "{Observation of a new boson at a mass of 125 GeV with the
                        CMS experiment at the LHC}",
      collaboration  = "{CMS}",
      journal        = "Phys.Lett.",
      volume         = "B716",
      pages          = "30-61",
      doi            = "10.1016/j.physletb.2012.08.021",
      year           = "2012",
      eprint         = "1207.7235",
      archivePrefix  = "arXiv",
      primaryClass   = "hep-ex",
      reportNumber   = "CMS-HIG-12-028, CERN-PH-EP-2012-220",
      SLACcitation   = "%%CITATION = ARXIV:1207.7235;%%",
}

@article{Ellis:2013lra,
      author         = "Ellis, John and You, Tevong",
      title          = "{Updated Global Analysis of Higgs Couplings}",
      journal        = "JHEP",
      volume         = "1306",
      pages          = "103",
      doi            = "10.1007/JHEP06(2013)103",
      year           = "2013",
      eprint         = "1303.3879",
      archivePrefix  = "arXiv",
      primaryClass   = "hep-ph",
      reportNumber   = "KCL-PH-TH-2013-10, LCTS-2013-05, CERN-PH-TH-2013-050",
      SLACcitation   = "%%CITATION = ARXIV:1303.3879;%%",
}

@article{feseability,
      author         = "Gouzevitch, M. and Oliveira, A. and Rojo, J.
                        and Chanon, N. and O. Bondu",
      title          = "To appear"
}

@article{Randall:1999ee,
      author         = "Randall, Lisa and Sundrum, Raman",
      title          = "{A Large mass hierarchy from a small extra dimension}",
      journal        = "Phys.Rev.Lett.",
      volume         = "83",
      pages          = "3370-3373",
      doi            = "10.1103/PhysRevLett.83.3370",
      year           = "1999",
      eprint         = "hep-ph/9905221",
      archivePrefix  = "arXiv",
      primaryClass   = "hep-ph",
      reportNumber   = "MIT-CTP-2860, PUPT-1860, BUHEP-99-9",
      SLACcitation   = "%%CITATION = HEP-PH/9905221;%%",
}

@article{Gherghetta:2010cj,
      author         = "Gherghetta, Tony",
      title          = "{TASI Lectures on a Holographic View of Beyond the
                        Standard Model Physics}",
      year           = "2010",
      eprint         = "1008.2570",
      archivePrefix  = "arXiv",
      primaryClass   = "hep-ph",
      SLACcitation   = "%%CITATION = ARXIV:1008.2570;%%",
}

@article{Goldberger:1999uk,
      author         = "Goldberger, Walter D. and Wise, Mark B.",
      title          = "{Modulus stabilization with bulk fields}",
      journal        = "Phys.Rev.Lett.",
      volume         = "83",
      pages          = "4922-4925",
      doi            = "10.1103/PhysRevLett.83.4922",
      year           = "1999",
      eprint         = "hep-ph/9907447",
      archivePrefix  = "arXiv",
      primaryClass   = "hep-ph",
      reportNumber   = "CALT-68-2232",
      SLACcitation   = "%%CITATION = HEP-PH/9907447;%%",
}

@article{Dominici:2002jv,
      author         = "Dominici, Daniele and Grzadkowski, Bohdan and Gunion,
                        John F. and Toharia, Manuel",
      title          = "{The Scalar sector of the Randall-Sundrum model}",
      journal        = "Nucl.Phys.",
      volume         = "B671",
      pages          = "243-292",
      doi            = "10.1016/j.nuclphysb.2003.08.020",
      year           = "2003",
      eprint         = "hep-ph/0206192",
      archivePrefix  = "arXiv",
      primaryClass   = "hep-ph",
      reportNumber   = "UCD-02-08",
      SLACcitation   = "%%CITATION = HEP-PH/0206192;%%",
}

@article{Maitra:2013cta,
      author         = "Maitra, Ushoshi and Mukhopadhyaya, Biswarup and SenGupta,
                        Soumitra",
      title          = "{Reconciling small radion vacuum expectation values with
                        massive gravitons in an Einstein-Gauss-Bonnet warped
                        geometry scenario}",
      year           = "2013",
      eprint         = "1307.3018",
      archivePrefix  = "arXiv",
      primaryClass   = "hep-ph",
      SLACcitation   = "%%CITATION = ARXIV:1307.3018;%%",
}

@article{combinedchannels,
      author         = "Belyaev,Alexander and Oliveira, Alexandra
                        and Rosenfeld, Rogerio",
      title          = "To appear",
}

@article{Giudice:1998ck,
      author         = "Giudice, Gian F. and Rattazzi, Riccardo and Wells, James
                        D.",
      title          = "{Quantum gravity and extra dimensions at high-energy
                        colliders}",
      journal        = "Nucl.Phys.",
      volume         = "B544",
      pages          = "3-38",
      doi            = "10.1016/S0550-3213(99)00044-9",
      year           = "1999",
      eprint         = "hep-ph/9811291",
      archivePrefix  = "arXiv",
      primaryClass   = "hep-ph",
      reportNumber   = "CERN-TH-98-354",
      SLACcitation   = "%%CITATION = HEP-PH/9811291;%%",
}

@article{Giudice:2000av,
      author         = "Giudice, Gian F. and Rattazzi, Riccardo and Wells, James
                        D.",
      title          = "{Graviscalars from higher dimensional metrics and
                        curvature Higgs mixing}",
      journal        = "Nucl.Phys.",
      volume         = "B595",
      pages          = "250-276",
      doi            = "10.1016/S0550-3213(00)00686-6",
      year           = "2001",
      eprint         = "hep-ph/0002178",
      archivePrefix  = "arXiv",
      primaryClass   = "hep-ph",
      reportNumber   = "CERN-TH-2000-051, SNS-PH-2000-03, UCD-2000-7, LBNL-45201,
                        LBL-45201",
      SLACcitation   = "%%CITATION = HEP-PH/0002178;%%",
}

@article{Barger:2011qn,
      author         = "Barger, Vernon and Ishida, Muneyuki",
      title          = "{Randall-Sundrum Reality at the LHC}",
      journal        = "Phys.Lett.",
      volume         = "B709",
      pages          = "185-191",
      doi            = "10.1016/j.physletb.2012.01.073",
      year           = "2012",
      eprint         = "1110.6452",
      archivePrefix  = "arXiv",
      primaryClass   = "hep-ph",
      SLACcitation   = "%%CITATION = ARXIV:1110.6452;%%",
}

@article{Csaki:2000zn,
      author         = "Csaki, Csaba and Graesser, Michael L. and Kribs, Graham
                        D.",
      title          = "{Radion dynamics and electroweak physics}",
      journal        = "Phys.Rev.",
      volume         = "D63",
      pages          = "065002",
      doi            = "10.1103/PhysRevD.63.065002",
      year           = "2001",
      eprint         = "hep-th/0008151",
      archivePrefix  = "arXiv",
      primaryClass   = "hep-th",
      reportNumber   = "SCIPP-00-27",
      SLACcitation   = "%%CITATION = HEP-TH/0008151;%%",
}

@article{deSandes:2011zs,
      author         = "de Sandes, Hiroshi and Rosenfeld, Rogerio",
      title          = "{Radion-Higgs mixing effects on bounds from LHC Higgs
                        Searches}",
      journal        = "Phys.Rev.",
      volume         = "D85",
      pages          = "053003",
      doi            = "10.1103/PhysRevD.85.053003",
      year           = "2012",
      eprint         = "1111.2006",
      archivePrefix  = "arXiv",
      primaryClass   = "hep-ph",
      SLACcitation   = "%%CITATION = ARXIV:1111.2006;%%",
}

@article{Frank:2013un,
      author         = "Frank, Mariana and Pourtolami, Nima and Toharia, Manuel",
      title          = "{Higgs Bosons in Warped Space, from the Bulk to the
                        Brane}",
      doi            = "10.1103/PhysRevD.87.096003",
      year           = "2013",
      eprint         = "1301.7692",
      archivePrefix  = "arXiv",
      primaryClass   = "hep-ph",
      reportNumber   = "CUMQ-HEP-171",
      SLACcitation   = "%%CITATION = ARXIV:1301.7692;%%",
}

@article{Contino:2003ve,
      author         = "Contino, Roberto and Nomura, Yasunori and Pomarol, Alex",
      title          = "{Higgs as a holographic pseudoGoldstone boson}",
      journal        = "Nucl.Phys.",
      volume         = "B671",
      pages          = "148-174",
      doi            = "10.1016/j.nuclphysb.2003.08.027",
      year           = "2003",
      eprint         = "hep-ph/0306259",
      archivePrefix  = "arXiv",
      primaryClass   = "hep-ph",
      reportNumber   = "FT-UAM-03-11, FERMILAB-PUB-03-195-T, UAB-FT-549",
      SLACcitation   = "%%CITATION = HEP-PH/0306259;%%",
}

@article{Agashe:2007zd,
      author         = "Agashe, Kaustubh and Davoudiasl, Hooman and Perez, Gilad
                        and Soni, Amarjit",
      title          = "{Warped Gravitons at the LHC and Beyond}",
      journal        = "Phys.Rev.",
      volume         = "D76",
      pages          = "036006",
      doi            = "10.1103/PhysRevD.76.036006",
      year           = "2007",
      eprint         = "hep-ph/0701186",
      archivePrefix  = "arXiv",
      primaryClass   = "hep-ph",
      reportNumber   = "SU-4252-843, BNL-HET-07-3, YITP-SB-07-02",
      SLACcitation   = "%%CITATION = HEP-PH/0701186;%%",
}

@article{2hdmextensions,
      author         = "Bertuzzo, Enrico and Ray, Tirtha Sankar and de Sandes,
                        Hiroshi and Savoy, Carlos A.",
      title          = "{On Composite Two Higgs Doublet Models}",
      journal        = "JHEP",
      volume         = "1305",
      pages          = "153",
      doi            = "10.1007/JHEP05(2013)153",
      year           = "2013",
      eprint         = "1206.2623",
      archivePrefix  = "arXiv",
      primaryClass   = "hep-ph",
      SLACcitation   = "%%CITATION = ARXIV:1206.2623;%%",
}

@article{Barbieri:2013nka,
      author         = "Barbieri, Riccardo and Buttazzo, Dario and Kannike,
                        Kristjan and Sala, Filippo and Tesi, Andrea",
      title          = "{One or more Higgs bosons?}",
      year           = "2013",
      eprint         = "1307.4937",
      archivePrefix  = "arXiv",
      primaryClass   = "hep-ph",
      reportNumber   = "CERN-PH-TH-2013-170",
      SLACcitation   = "%%CITATION = ARXIV:1307.4937;%%",
}

@article{Branco:2011iw,
      author         = "Branco, G.C. and Ferreira, P.M. and Lavoura, L. and
                        Rebelo, M.N. and Sher, Marc \textit{et al.}",
      title          = "{Theory and phenomenology of two-Higgs-doublet models}",
      journal        = "Phys.Rept.",
      volume         = "516",
      pages          = "1-102",
      doi            = "10.1016/j.physrep.2012.02.002",
      year           = "2012",
      eprint         = "1106.0034",
      archivePrefix  = "arXiv",
      primaryClass   = "hep-ph",
      SLACcitation   = "%%CITATION = ARXIV:1106.0034;%%",
}

@article{Agashe:2012zq,
      author         = "Agashe, Kaustubh and Cui, Yanou and Franceschini,
                        Roberto",
      title          = "{Natural Islands for a 125 GeV Higgs in the
                        scale-invariant NMSSM}",
      journal        = "JHEP",
      volume         = "1302",
      pages          = "031",
      doi            = "10.1007/JHEP02(2013)031",
      year           = "2013",
      eprint         = "1209.2115",
      archivePrefix  = "arXiv",
      primaryClass   = "hep-ph",
      reportNumber   = "UMD-PP-012-021",
      SLACcitation   = "%%CITATION = ARXIV:1209.2115;%%",
}

@article{Barbieri:2013hxa,
      author         = "Barbieri, Riccardo and Buttazzo, Dario and Kannike,
                        Kristjan and Sala, Filippo and Tesi, Andrea",
      title          = "{Exploring the Higgs sector of a most natural NMSSM}",
      journal        = "Phys. Rev. D 87,",
      volume         = "115018",
      doi            = "10.1103/PhysRevD.87.115018",
      year           = "2013",
      eprint         = "1304.3670",
      archivePrefix  = "arXiv",
      primaryClass   = "hep-ph",
      SLACcitation   = "%%CITATION = ARXIV:1304.3670;%%",
}

@article{DaRold:2005zs,
      author         = "Da Rold, Leandro and Pomarol, Alex",
      title          = "{Chiral symmetry breaking from five dimensional spaces}",
      journal        = "Nucl.Phys.",
      volume         = "B721",
      pages          = "79-97",
      doi            = "10.1016/j.nuclphysb.2005.05.009",
      year           = "2005",
      eprint         = "hep-ph/0501218",
      archivePrefix  = "arXiv",
      primaryClass   = "hep-ph",
      reportNumber   = "UAB-FT-578",
      SLACcitation   = "%%CITATION = HEP-PH/0501218;%%",
}

@article{Hirn:2006nt,
      author         = "Hirn, Johannes and Sanz, Veronica",
      title          = "{A Negative S parameter from holographic technicolor}",
      journal        = "Phys.Rev.Lett.",
      volume         = "97",
      pages          = "121803",
      doi            = "10.1103/PhysRevLett.97.121803",
      year           = "2006",
      eprint         = "hep-ph/0606086",
      archivePrefix  = "arXiv",
      primaryClass   = "hep-ph",
      reportNumber   = "FTUV-06-0608, UG-FT-206-06, CAFPE-76-06",
      SLACcitation   = "%%CITATION = HEP-PH/0606086;%%",
}

@article{Bardeen:1985sm,
      author         = "Bardeen, William A. and Leung, Chung Ngoc and Love, S.T.",
      title          = "{The Dilaton and Chiral Symmetry Breaking}",
      journal        = "Phys.Rev.Lett.",
      volume         = "56",
      pages          = "1230",
      doi            = "10.1103/PhysRevLett.56.1230",
      year           = "1986",
      reportNumber   = "FERMILAB-PUB-85-172-T, PURD-TH-85-16",
      SLACcitation   = "%%CITATION = PRLTA,56,1230;%%",
}

@article{Callan:1969sn,
      author         = "Callan, Curtis G., Jr. and Coleman, Sidney R. and Wess,
                        J. and Zumino, Bruno",
      title          = "{Structure of phenomenological Lagrangians. 2.}",
      journal        = "Phys.Rev.",
      volume         = "177",
      pages          = "2247-2250",
      doi            = "10.1103/PhysRev.177.2247",
      year           = "1969",
      SLACcitation   = "%%CITATION = PHRVA,177,2247;%%",
}

@article{Coleman:1969sm,
      author         = "Coleman, Sidney R. and Wess, J. and Zumino, Bruno",
      title          = "{Structure of phenomenological Lagrangians. 1.}",
      journal        = "Phys.Rev.",
      volume         = "177",
      pages          = "2239-2247",
      doi            = "10.1103/PhysRev.177.2239",
      year           = "1969",
      SLACcitation   = "%%CITATION = PHRVA,177,2239;%%",
}

@article{Martin:1997ns,
      author         = "Martin, Stephen P.",
      title          = "{A Supersymmetry primer}",
      year           = "1997",
      eprint         = "hep-ph/9709356",
      archivePrefix  = "arXiv",
      primaryClass   = "hep-ph",
      SLACcitation   = "%%CITATION = HEP-PH/9709356;%%",
}


@Article{TMVA2007, 
author	=	 "Hoecker, Andreas and Speckmayer, Peter and Stelzer, Joerg and Therhaag, Jan and von Toerne, Eckhard and Voss, Helge",
title	 = 	 "{TMVA: Toolkit for Multivariate Data Analysis}",
journal	 = 	 "PoS",
volume	 = 	 "ACAT",
year	 = 	 "2007",
pages	 = 	 "040",
eprint	 = 	 "physics/0703039",
archivePrefix	 = 	 "arXiv",
SLACcitation	 = 	 "%%CITATION = PHYSICS/0703039;%%"}


@techreport{AN-2012-349,
	author = "VH Hbb group",
	title = "VHbb analysis note",
	year = "2012",
	institution = "AN 2012-349"
}

@techreport{AN-2012-395,
	author = "VBF Hbb group",
	title = "VBF Hbb analysis note",
	year = "2012",
	institution = "AN 2012-395"
}

@article{Gunion:2002zf,
      author         = "Gunion, John F. and Haber, Howard E.",
      title          = "{The CP conserving two Higgs doublet model: The Approach
                        to the decoupling limit}",
      journal        = "Phys.Rev.",
      volume         = "D67",
      pages          = "075019",
      doi            = "10.1103/PhysRevD.67.075019",
      year           = "2003",
      eprint         = "hep-ph/0207010",
      archivePrefix  = "arXiv",
      primaryClass   = "hep-ph",
      reportNumber   = "SCIPP-02-10",
      SLACcitation   = "%%CITATION = HEP-PH/0207010;%%",
}

@article{Martin:2009iq,
      author         = "Martin, A.D. and Stirling, W.J. and Thorne, R.S. and
                        Watt, G.",
      title          = "{Parton distributions for the LHC}",
      journal        = "Eur.Phys.J.",
      volume         = "C63",
      pages          = "189-285",
      doi            = "10.1140/epjc/s10052-009-1072-5",
      year           = "2009",
      eprint         = "0901.0002",
      archivePrefix  = "arXiv",
      primaryClass   = "hep-ph",
      reportNumber   = "IPPP-08-95, DCPT-08-190, CAVENDISH-HEP-08-16",
      SLACcitation   = "%%CITATION = ARXIV:0901.0002;%%",
}

@article{Martin:2009bu,
      author         = "Martin, A.D. and Stirling, W.J. and Thorne, R.S. and
                        Watt, G.",
      title          = "{Uncertainties on alpha(S) in global PDF analyses and
                        implications for predicted hadronic cross sections}",
      journal        = "Eur.Phys.J.",
      volume         = "C64",
      pages          = "653-680",
      doi            = "10.1140/epjc/s10052-009-1164-2",
      year           = "2009",
      eprint         = "0905.3531",
      archivePrefix  = "arXiv",
      primaryClass   = "hep-ph",
      reportNumber   = "IPPP-09-33, DCPT-09-66, CAVENDISH-HEP-09-06",
      SLACcitation   = "%%CITATION = ARXIV:0905.3531;%%",
}

@article{HiggsCrossSection,
author = {higgs cross section working group},
title = "https://twiki.cern.ch/twiki/bin/view/LHCPhysics/CrossSections"
}

@article{Chatrchyan:2013yoa,
      author         = "Chatrchyan, Serguei \textit{et al.}",
      title          = "{Search for a standard-model-like Higgs boson with a mass
                        in the range 145 to 1000 GeV at the LHC}",
      collaboration  = "CMS",
      journal        = "Eur.Phys.J.",
      volume         = "C73",
      pages          = "2469",
      doi            = "10.1140/epjc/s10052-013-2469-8",
      year           = "2013",
      eprint         = "1304.0213",
      archivePrefix  = "arXiv",
      primaryClass   = "hep-ex",
      reportNumber   = "CMS-HIG-12-034, CERN-PH-EP-2013-050",
      SLACcitation   = "%%CITATION = ARXIV:1304.0213;%%",
}

@article{Hdiscovery,
      author         = "{CMS Collaboration}",
      title          = "{Observation of a new boson with mass near 125 GeV in pp collisions at 
                       sqrt(s) = 7 and 8 TeV}",
      collaboration  = "CMS Collaboration",
      journal        = "JHEP",
      volume         = "06",
      pages          = "081",
      doi            = "10.1007/JHEP06(2013)081",
      year           = "2013",
      eprint         = "1303.4571",
      archivePrefix  = "arXiv",
      primaryClass   = "hep-ex"
}




@article{FTest,
author = {internet wikipedia page on F-Test},
title = "http://en.wikipedia.org/wiki/F-test"
}

@techreport{CMS-PAS-JME-13-005,
      author       = "{CMS Collaboration}", 
      title        = "Pileup Jet Identification",
      institution  = "CERN",
      address      = "Geneva",
      number       = "CMS-PAS-JME-13-005",
      year         = "2013"
}


@article{Fitzpatrick:2007qr,
      author         = "Fitzpatrick, A. Liam and Kaplan, Jared and Randall, Lisa
                        and Wang, Lian-Tao",
      title          = "{Searching for the Kaluza-Klein Graviton in Bulk RS
                        Models}",
      journal        = "JHEP",
      volume         = "0709",
      pages          = "013",
      doi            = "10.1088/1126-6708/2007/09/013",
      year           = "2007",
      eprint         = "hep-ph/0701150",
      archivePrefix  = "arXiv",
      primaryClass   = "hep-ph",
      SLACcitation   = "%%CITATION = HEP-PH/0701150;%%",
}

@article{HbbLegacy,
      author         = "{CMS Collaboration}",
      title          = "{Search for the standard model Higgs boson produced in association with a W or a Z boson and decaying to bottom quarks}",
      collaboration  = "CMS",
      journal        = "Submitted to Physical Review D, accepted for publication",
      year           = "2013",
      eprint         = "1310.3687",
      archivePrefix  = "arXiv",
      primaryClass   = "hep-ex"
}

@article{AK5,
	Author = {Cacciari, M. and Salam, G. P. and Soyez, G.},
	Doi = {10.1088/1126-6708/2008/04/063},
	Journal = {JHEP},
	Pages = {063},
	Title = {The anti-$k_t$ jet clustering algorithm},
	Volume = {04},
	Year = {2008},
	Bdsk-Url-1 = {http://dx.doi.org/10.1088/1126-6708/2008/04/063}}

@article{Cacciari:2011ma,
	Archiveprefix = {arXiv},
	Author = {Cacciari, Matteo and Salam, Gavin P. and Soyez, Gregory},
	Doi = {10.1140/epjc/s10052-012-1896-2},
	Eprint = {1111.6097},
	Journal = {Eur. Phys. J. C},
	Pages = {1896},
	Primaryclass = {hep-ph},
	Reportnumber = {CERN-PH-TH-2011-297},
	Review = {fastjet Reference},
	Slaccitation = {%%CITATION = ARXIV:1111.6097;%%},
	Title = {{FastJet} User Manual},
	Volume = {72},
	Year = {2012},
	Bdsk-Url-1 = {http://dx.doi.org/10.1140/epjc/s10052-012-1896-2}}

@ARTICLE{JINST6,
      author         = "Chatrchyan, Serguei \textit{et al.}",
      title          = "{Determination of Jet Energy Calibration and Transverse
                        Momentum Resolution in CMS}",
      collaboration  = "CMS",
      journal        = "JINST",
      volume         = "6",
      pages          = "P11002",
      doi            = "10.1088/1748-0221/6/11/P11002",
      year           = "2011",
      eprint         = "1107.4277",
      archivePrefix  = "arXiv",
      primaryClass   = "physics.ins-det",
      reportNumber   = "CERN-PH-EP-2011-102, CMS-JME-10-011",
      SLACcitation   = "%%CITATION = ARXIV:1107.4277;%%",
}

@article{BTV,
      author       = "Chatrchyan, Serguei \textit{et al.}",
      title        = "Identification of b-quark jets with the CMS experiment",
      journal      = "J. Instrum.",
      number       = "arXiv:1211.4462. CMS-BTV-12-001. CERN-PH-EP-2012-262",
      volume       = "8",
      pages        = "P04013. 67 p",
      month        = "Nov",
      year         = "2012",
      note         = "Comments: Submitted to the Journal of Instrumentation",
}

@article{POWHEG_Frixione:2007vw,
      author         = "Frixione, Stefano and Nason, Paolo and Oleari, Carlo",
      title          = "{Matching NLO QCD computations with Parton Shower
                        simulations: the POWHEG method}",
      journal        = "JHEP",
      volume         = "0711",
      pages          = "070",
      doi            = "10.1088/1126-6708/2007/11/070",
      year           = "2007",
      eprint         = "0709.2092",
      archivePrefix  = "arXiv",
      primaryClass   = "hep-ph",
      reportNumber   = "BICOCCA-FT-07-9, GEF-TH-21-2007",
      SLACcitation   = "%%CITATION = ARXIV:0709.2092;%%",
}

@article{Agostinelli:2002hh,
      author         = "Agostinelli, S. \textit{et al.}",
      title          = "{GEANT4---a simulation toolkit}",
      collaboration  = "GEANT4",
      journal        = "Nucl. Instrum. Meth. A",
      volume         = "506",
      pages          = "250",
      doi            = "10.1016/S0168-9002(03)01368-8",
      year           = "2003",
      reportNumber   = "SLAC-PUB-9350, FERMILAB-PUB-03-339",
      SLACcitation   = "%%CITATION = NUIMA,A506,250;%%",                                                            
}
%                                                                                                                   
@article{GEANT,
      author         = "Allison, John \textit{et al.}",
      title          = "{Geant4 developments and applications}",
      journal        = "IEEE Trans. Nucl. Sci.",
      volume         = "53",
      pages          = "270",
      doi            = "10.1109/TNS.2006.869826",
      year           = "2006",
      reportNumber   = "SLAC-PUB-11870",
      SLACcitation   = "%%CITATION = IETNA,53,270;%%",                                                              
}

@TECHREPORT{PFPAS2009,
	author = {CMS Collaboration},
	Collaboration = {CMS Collaboration},
	Title = {Particle--Flow Event Reconstruction in {CMS} and Performance for Jets, Taus, and \MET},
	Url = {http://cdsweb.cern.ch/record/1194487},
        TYPE = "CMS Physics Analysis Summary",
	Number = {CMS-PAS-PFT-09-001},
	Year = {2009}
}

@TECHREPORT{CMS-PAS-PFT-10-001,
      AUTHOR      = "{CMS Collaboration}",
      COLLABORATION = "CMS",
      TITLE       = "Commissioning of the Particle--Flow Event Reconstruction with the first {LHC} collisions recorded in the {CMS} detector",
      URL         = "http://cdsweb.cern.ch/record/1247373",
      TYPE        = "CMS Physics Analysis Summary",
      NUMBER      = "CMS-PAS-PFT-10-001",
      YEAR        = "2010"
}


@article{ECALpaper,
      author      = "{CMS Collaboration}",
      COLLABORATION = {CMS},
      title       = "Energy calibration and resolution of the CMS electromagnetic calorimeter in pp collisions at $\sqrt{s}$=7 {TeV}",
      journal = "JINST",
      volume = 8,
      pages = "P09009",
      doi = "10.1088/1748-0221/8/09/P09009",
      year = "2013", 
      archivePrefix = "arXiv",
      eprint = "1306.2016" 
}

@article{HggLegacy,
      author        = "{CMS Collaboration}",
      COLLABORATION = {CMS},
      title         = "Observation, and measurement, of the two photon decay of the Higgs boson at 125~GeV.",
      journal       = "IN PREPARATION"
}

@article{Gomez-Ceballos:2013zzn,
      author         = "Bicer, M. and Duran Yildiz, H. and Yildiz, I. and
                        Coignet, G. and Delmastro, M. \textit{et al.}",
      title          = "{First Look at the Physics Case of TLEP}",
      year           = "2013",
      eprint         = "1308.6176",
      archivePrefix  = "arXiv",
      primaryClass   = "hep-ex",
      SLACcitation   = "%%CITATION = ARXIV:1308.6176;%%",
}

@techreport{Liss:1564937,
      author       = "Liss, A and Nielsen, J",
      title        = "Physics at a High-Luminosity LHC with ATLAS",
      institution  = "CERN",
      address      = "Geneva",
      number       = "ATL-PHYS-PUB-2013-007",
      month        = "Jul",
      year         = "2013",
}

@techreport{CMS-PAS-FTR-13-001,
      author       = "{CMS Collaboration}", 
      title        = "HH to bb$\gamma\gamma$",
      institution  = "CERN",
      address      = "Geneva",
      number       = "CMS-PAS-FTR-13-001",
      year         = "2013",
}

@article{Baer:2013cma,
      author         = "Baer, Howard and Barklow, Tim and Fujii, Keisuke and Gao,
                        Yuanning and Hoang, Andre \textit{et al.}",
      editor         = "Baer, Howard",
      title          = "{The International Linear Collider Technical Design
                        Report - Volume 2: Physics}",
      year           = "2013",
      eprint         = "1306.6352",
      archivePrefix  = "arXiv",
      primaryClass   = "hep-ph",
      reportNumber   = "ILC-REPORT-2013-040, ANL-HEP-TR-13-20,
                        BNL-100603-2013-IR, IRFU-13-59, CERN-ATS-2013-037,
                        COCKCROFT-13-10, CLNS-13-2085, DESY-13-062,
                        FERMILAB-TM-2554, IHEP-AC-ILC-2013-001, INFN-13-04-LNF,
                        JAI-2013-001, JINR-E9-2013-35, JLAB-R-2013-01,
                        KEK-REPORT-2013-1, KNU-CHEP-ILC-2013-1, LLNL-TR-635539,
                        SLAC-R-1004, ILC-HIGRADE-REPORT-2013-003",
      SLACcitation   = "%%CITATION = ARXIV:1306.6352;%%",
}

@article{Cacciari:2007fd,
	Author = {Cacciari, Matteo and Salam, Gavin P.},
	Doi = {10.1016/j.physletb.2007.09.077},
	Journal = {Phys. Lett. B},
	Pages = {119},
	Slaccitation = {%%CITATION = 0707.1378;%%},
	Title = {Pileup subtraction using jet areas},
	Volume = {659},
	Year = {2008},
	Bdsk-Url-1 = {http://dx.doi.org/10.1016/j.physletb.2007.09.077}}


@article{deFlorian:2013jea,
      author         = "de Florian, Daniel and Mazzitelli, Javier",
      title          = "{Higgs pair production at NNLO}",
      year           = "2013",
      eprint         = "1309.6594",
      archivePrefix  = "arXiv",
      primaryClass   = "hep-ph",
      SLACcitation   = "%%CITATION = ARXIV:1309.6594;%%",
}

@article{Gleisberg:2008ta,
      author         = "Gleisberg, T. and Hoeche, Stefan. and Krauss, F. and
                        Schonherr, M. and Schumann, S. \textit{et al.}",
      title          = "{Event generation with SHERPA 1.1}",
      journal        = "JHEP",
      volume         = "0902",
      pages          = "007",
      doi            = "10.1088/1126-6708/2009/02/007",
      year           = "2009",
      eprint         = "0811.4622",
      archivePrefix  = "arXiv",
      primaryClass   = "hep-ph",
      reportNumber   = "FERMILAB-PUB-08-477-T, SLAC-PUB-13420, ZU-TH-17-08,
                        DCPT-08-138, IPPP-08-69, EDINBURGH-2008-30, MCNET-08-14",
      SLACcitation   = "%%CITATION = ARXIV:0811.4622;%%",
}

@article{CLS1,
      author         = "A.L. Read",
      title          = "{Presentation of search results: the CL$_s$ technique}",
      journal        = "J.Phys.G:Nucl.Part.Phys.",
      volume         = "28",
      pages          = "2693",
      doi            = "10.1088/0954-3899/28/10/313",
      year           = "2002"
}

@article{CLS2,
      author         = "T. Junk",
      title          = "{Confidence level computation for combining searches with small statistics}",
      journal        = "Nucl.Instrum.Meth.",
      volume         = "A434",
      pages          = "435",
      doi            = "10.1016/S0168-9002(99)00498-2",
      year           = "1999"
}

@article{Dittmaier:2011ti,
      author         = "{LHC Higgs Cross Section Working Group} and Dittmaier, S. and Mariotti, C. and Passarino, G. and Tanaka (Eds.), R.",
      title         = "{Handbook of LHC Higgs Cross Sections: 1. Inclusive Observables}",
      journal         = "CERN-2011-002",
      year         = "CERN, Geneva, 2011",
      eprint         = "1101.0593",
      archivePrefix   = "arXiv",
      primaryClass   = "hep-ph",
      SLACcitation   = "%%CITATION = ARXIV:1101.0593;%%",
}

@article{Chatrchyan:2013mxa,
      author         = "Chatrchyan, Serguei \textit{et al.}",
      title          = "{Measurement of the properties of a Higgs boson in the
                        four-lepton final state}",
      collaboration  = "CMS",
      year           = "2013",
      eprint         = "1312.5353",
      archivePrefix  = "arXiv",
      primaryClass   = "hep-ex",
      reportNumber   = "CMS-HIG-13-002, CERN-PH-EP-2013-220",
      SLACcitation   = "%%CITATION = ARXIV:1312.5353;%%",
}

@techreport{CMS-PAS-HIG-13-001,
      title         = "{Updated measurements of the Higgs boson at 125 GeV in the
                       two photon decay channel}",
      institution   = "CERN",
      collaboration = "{CMS Collaboration}",
      author = "{CMS Collaboration}",
      address       = "Geneva",
      number        = "CMS-PAS-HIG-13-001",
      year          = "2013",
      TYPE          = "CMS Physics Analysis Summary"
}

@techreport{CMS-PAS-EGM-10-005,
      title         = "{Photon reconstruction and identification at sqrt(s) = 7
                       TeV}",
      institution   = "CERN",
      collaboration = "CMS",
      address       = "2010. Geneva",
      number        = "CMS-PAS-EGM-10-005",
      year          = "2010",
}

@article{Cooper:2013kia,
      author         = "Cooper, Ben and Konstantinidis, Nikos and Lambourne, Luke
                        and Wardrope, David",
      title          = "{Boosted $hh \rightarrow b\bar{b}b\bar{b}$: a new
                        topology in searches for TeV-scale resonances at the LHC}",
      journal        = "Phys.Rev.",
      volume         = "D88",
      pages          = "114005",
      doi            = "10.1103/PhysRevD.88.114005",
      year           = "2013",
      eprint         = "1307.0407",
      archivePrefix  = "arXiv",
      primaryClass   = "hep-ex",
      SLACcitation   = "%%CITATION = ARXIV:1307.0407;%%",
}

@article{deSandes:2011zs,
      author         = "de Sandes, Hiroshi and Rosenfeld, Rogerio",
      title          = "{Radion-Higgs mixing effects on bounds from LHC Higgs
                        Searches}",
      journal        = "Phys.Rev.",
      volume         = "D85",
      pages          = "053003",
      doi            = "10.1103/PhysRevD.85.053003",
      year           = "2012",
      eprint         = "1111.2006",
      archivePrefix  = "arXiv",
      primaryClass   = "hep-ph",
      SLACcitation   = "%%CITATION = ARXIV:1111.2006;%%",
}

@article{Barger:2011qn,
      author         = "Barger, Vernon and Ishida, Muneyuki",
      title          = "{Randall-Sundrum Reality at the LHC}",
      journal        = "Phys.Lett.",
      volume         = "B709",
      pages          = "185-191",
      doi            = "10.1016/j.physletb.2012.01.073",
      year           = "2012",
      eprint         = "1110.6452",
      archivePrefix  = "arXiv",
      primaryClass   = "hep-ph",
      SLACcitation   = "%%CITATION = ARXIV:1110.6452;%%",
}

@article{HiggsCrossSection,
author = {higgs cross section working group},
title = "https://twiki.cern.ch/twiki/bin/view/LHCPhysics/CrossSections"
}

@techreport{Tuomas,
      author         = "Hapola, Tuomas and Antipin,Oleg",
      title          = "\url{http://cp3-origins.dk/research/units/ed-tools}",
      type           = "web page"
}

@techreport{aquino,
      author         = "Aquino, Priscila",
      title          = "\url{http://feynrules.irmp.ucl.ac.be/wiki/RSmodel}",
      type           = "web page"
}

@article{Oliveira:2014kla,
      author         = "Oliveira, Alexandra",
      title          = "{Gravity particles from Warped Extra Dimensions, a
                        review. Part I - KK Graviton}",
      year           = "2014",
      eprint         = "1404.0102",
      archivePrefix  = "arXiv",
      primaryClass   = "hep-ph",
      SLACcitation   = "%%CITATION = ARXIV:1404.0102;%%",
}


@article{Carmona:2011ib,
      author         = "Carena, Marcela S. and Ponton, Eduardo and Santiago, Jose
                        and Wagner, C.E.M.",
      title          = "{Electroweak constraints on warped models with custodial
                        symmetry}",
      journal        = "Phys.Rev.",
      volume         = "D76",
      pages          = "035006",
      doi            = "10.1103/PhysRevD.76.035006",
      year           = "2007",
      eprint         = "hep-ph/0701055",
      archivePrefix  = "arXiv",
      primaryClass   = "hep-ph",
      reportNumber   = "FERMILAB-PUB-07-496-T, ANL-HEP-PR-07-02",
      SLACcitation   = "%%CITATION = HEP-PH/0701055;%%",
}

@article{Ellis:2009su,
      author         = "Ellis, Stephen D. and Vermilion, Christopher K. and
                        Walsh, Jonathan R.",
      title          = "{Techniques for improved heavy particle searches with jet
                        substructure}",
      journal        = "Phys.Rev.",
      volume         = "D80",
      pages          = "051501",
      doi            = "10.1103/PhysRevD.80.051501",
      year           = "2009",
      eprint         = "0903.5081",
      archivePrefix  = "arXiv",
      primaryClass   = "hep-ph",
      SLACcitation   = "%%CITATION = ARXIV:0903.5081;%%",
}

@article{Nadolsky:2008zw,
      author         = "Nadolsky, Pavel M. and Lai, Hung-Liang and Cao, Qing-Hong
                        and Huston, Joey and Pumplin, Jon \textit{et al.}",
      title          = "{Implications of CTEQ global analysis for collider
                        observables}",
      journal        = "Phys.Rev.",
      volume         = "D78",
      pages          = "013004",
      doi            = "10.1103/PhysRevD.78.013004",
      year           = "2008",
      eprint         = "0802.0007",
      archivePrefix  = "arXiv",
      primaryClass   = "hep-ph",
      reportNumber   = "MSUHEP-080125, UCRHEP-T447",
      SLACcitation   = "%%CITATION = ARXIV:0802.0007;%%",
}

@article{Mahanta:2000zp,
      author         = "Mahanta, Uma and Datta, Anindya",
      title          = "{Production of light stabilized radion at high-energy
                        hadron collider}",
      journal        = "Phys.Lett.",
      volume         = "B483",
      pages          = "196-202",
      doi            = "10.1016/S0370-2693(00)00560-8",
      year           = "2000",
      eprint         = "hep-ph/0002183",
      archivePrefix  = "arXiv",
      primaryClass   = "hep-ph",
      SLACcitation   = "%%CITATION = HEP-PH/0002183;%%",
}

@article{DeWolfe:1999cp,
      author         = "DeWolfe, O. and Freedman, D.Z. and Gubser, S.S. and
                        Karch, A.",
      title          = "{Modeling the fifth-dimension with scalars and gravity}",
      journal        = "Phys.Rev.",
      volume         = "D62",
      pages          = "046008",
      doi            = "10.1103/PhysRevD.62.046008",
      year           = "2000",
      eprint         = "hep-th/9909134",
      archivePrefix  = "arXiv",
      primaryClass   = "hep-th",
      reportNumber   = "HUTP-99-A048, MIT-CTP-2903",
      SLACcitation   = "%%CITATION = HEP-TH/9909134;%%",
}

@article{Desai:2013pga,
      author         = "Desai, Nishita and Maitra, Ushoshi and Mukhopadhyaya,
                        Biswarup",
      title          = "{An updated analysis of radion-higgs mixing in the light
                        of LHC data}",
      year           = "2013",
      eprint         = "1307.3765",
      archivePrefix  = "arXiv",
      SLACcitation   = "%%CITATION = ARXIV:1307.3765;%%",
}

@article{Antoniadis:2002ut,
      author         = "Antoniadis, I. and Sturani, R.",
      title          = "{Higgs graviscalar mixing in type I string theory}",
      journal        = "Nucl.Phys.",
      volume         = "B631",
      pages          = "66-82",
      doi            = "10.1016/S0550-3213(02)00214-6",
      year           = "2002",
      eprint         = "hep-th/0201166",
      archivePrefix  = "arXiv",
      primaryClass   = "hep-th",
      reportNumber   = "CERN-TH-2002-004, HIP-2002-01-TH",
      SLACcitation   = "%%CITATION = HEP-TH/0201166;%%",
}

@article{Davoudiasl:1999jd,
      author         = "Davoudiasl, H. and Hewett, J.L. and Rizzo, T.G.",
      title          = "{Phenomenology of the Randall-Sundrum Gauge Hierarchy
                        Model}",
      journal        = "Phys.Rev.Lett.",
      volume         = "84",
      pages          = "2080",
      doi            = "10.1103/PhysRevLett.84.2080",
      year           = "2000",
      eprint         = "hep-ph/9909255",
      archivePrefix  = "arXiv",
      primaryClass   = "hep-ph",
      reportNumber   = "SLAC-PUB-8241",
      SLACcitation   = "%%CITATION = HEP-PH/9909255;%%",
}

@article{Davoudiasl:2000wi,
      author         = "Davoudiasl, H. and Hewett, J.L. and Rizzo, T.G.",
      title          = "{Experimental probes of localized gravity: On and off the
                        wall}",
      journal        = "Phys.Rev.",
      volume         = "D63",
      pages          = "075004",
      doi            = "10.1103/PhysRevD.63.075004",
      year           = "2001",
      eprint         = "hep-ph/0006041",
      archivePrefix  = "arXiv",
      primaryClass   = "hep-ph",
      reportNumber   = "SLAC-PUB-8436",
      SLACcitation   = "%%CITATION = HEP-PH/0006041;%%",
}

@article{Csaki:1999mp,
      author         = "Csaki, Csaba and Graesser, Michael and Randall, Lisa and
                        Terning, John",
      title          = "{Cosmology of brane models with radion stabilization}",
      journal        = "Phys.Rev.",
      volume         = "D62",
      pages          = "045015",
      doi            = "10.1103/PhysRevD.62.045015",
      year           = "2000",
      eprint         = "hep-ph/9911406",
      archivePrefix  = "arXiv",
      primaryClass   = "hep-ph",
      reportNumber   = "SCIPP-99-49, HUTP-A061, NSF-ITP-99-130",
      SLACcitation   = "%%CITATION = HEP-PH/9911406;%%",
}


@article{Agashe:2003zs,
      author         = "Agashe, Kaustubh and Delgado, Antonio and May, Michael J.
                        and Sundrum, Raman",
      title          = "{RS1, custodial isospin and precision tests}",
      journal        = "JHEP",
      volume         = "0308",
      pages          = "050",
      doi            = "10.1088/1126-6708/2003/08/050",
      year           = "2003",
      eprint         = "hep-ph/0308036",
      archivePrefix  = "arXiv",
      primaryClass   = "hep-ph",
      SLACcitation   = "%%CITATION = HEP-PH/0308036;%%",
}

@article{Heinemeyer:2013tqa,
      author         = "{LHC Higgs Cross Section Working Group} and Heinemeyer, S. and Mariotti, C. and Passarino, G. and Tanaka (Eds.), R.", 
      title         = "{Handbook of LHC Higgs Cross Sections: 3. Higgs Properties}",
      journal         = "CERN-2013-004",
      year         = "CERN, Geneva, 2013",
url          = "https://twiki.cern.ch/twiki/bin/view/LHCPhysics/CrossSections",
      eprint         = "1307.1347",
      archivePrefix   = "arXiv",
      primaryClass   = "hep-ph",
      SLACcitation   = "%%CITATION = ARXIV:1307.1347;%%",
}


@article{Catani:2003zt,
      author         = "Catani, Stefano and de Florian, Daniel and Grazzini,
                        Massimiliano and Nason, Paolo",
      title          = "{Soft gluon resummation for Higgs boson production at
                        hadron colliders}",
      journal        = "JHEP",
      volume         = "0307",
      pages          = "028",
      doi            = "10.1088/1126-6708/2003/07/028",
      year           = "2003",
      eprint         = "hep-ph/0306211",
      archivePrefix  = "arXiv",
      primaryClass   = "hep-ph",
      reportNumber   = "BICOCCA-FT-03-12, CERN-TH-2003-117",
      SLACcitation   = "%%CITATION = HEP-PH/0306211;%%",
}
