@Article{DisplacedSUSY,
     author    = "Graham, P. and Kaplan, D. and Rajendran, S. and Sarawat, P.",
     title     = "Displaced Supersymmetry",
     journal   = "Journal of High Energy Physics",
     volume    = "149",
     year      = "2012",
     doi       = "10.1007/JHEP07(2012)149",
     eprint         = "1204.6038",
     archivePrefix  = "arXiv",
     primaryClass   = "hep-ph"
}

@Article{ScalarX,
     author    = "Strassler, M. and Zurek K.",
     title     = "Discoverying the Higgs Through Highly Displaced Vertices",
     journal   = "Phys. Lett. B",
     volume    = "263",
     year      = "2008",
     doi       = "10.1016/j.physletb.2008.02.008",
     archivePrefix  = "arXiv",
     primaryClass   = "hep-ph"
}


@article{PhysRevD.92.012010,
  title = {Search for long-lived, weakly interacting particles that decay to displaced hadronic jets in proton-proton collisions at $\sqrt{s}=8\text{ }\text{ }\mathrm{TeV}$ with the ATLAS detector},
  author = {Aad, Georges and others},
  collaboration = {ATLAS},
  journal = {Phys. Rev. D},
  volume = {92},
  pages          = "012010",
  issue = {1},
  year = {2015},
  eprint         = "1504.03634",
  archivePrefix  = "arXiv",
  primaryClass   = "hep-ex",
  reportNumber   = "CERN-PH-EP-2015-071",
  doi = {10.1103/PhysRevD.92.012010},
}

@article{Aad:2015rba,
      author         = "Aad, Georges and others",
      title          = "{Search for massive, long-lived particles using
                        multitrack displaced vertices or displaced lepton pairs in
                        pp collisions at $\sqrt{s}$ = 8 TeV with the ATLAS
                        detector}",
      collaboration  = "ATLAS",
      journal        = "Phys. Rev. D",
      volume         = "92",
      year           = "2015",
      pages          = "072004",
      doi            = "10.1103/PhysRevD.92.072004",
      eprint         = "1504.05162",
      archivePrefix  = "arXiv",
      primaryClass   = "hep-ex",
      reportNumber   = "CERN-PH-EP-2015-065",
      SLACcitation   = "%%CITATION = ARXIV:1504.05162;%%"
}
@article{CMS:2014wda,
      author         = "Khachatryan, Vardan and others",
      title          = "{Search for Long-Lived Neutral Particles Decaying to
                        Quark-Antiquark Pairs in Proton-Proton Collisions at
                        $\sqrt{s} =$ 8 TeV}",
      collaboration  = "CMS",
      journal        = "Phys. Rev. D",
      volume         = "91",
      year           = "2015",
      pages          = "012007",
      doi            = "10.1103/PhysRevD.91.012007",
      eprint         = "1411.6530",
      archivePrefix  = "arXiv",
      primaryClass   = "hep-ex",
      reportNumber   = "CMS-EXO-12-038, CERN-PH-EP-2014-256",
      SLACcitation   = "%%CITATION = ARXIV:1411.6530;%%"
}

@article{Sjostrand:2007gs,
      author         = "{T. Sj\"{o}strand} and Mrenna, Stephen and Skands, Peter
                        Z.",
      title          = "{A brief introduction to PYTHIA 8.1}",
      journal        = "Comput. Phys. Commun.",
      volume         = "178",
      doi            = "10.1016/j.cpc.2008.01.036",
      year           = "2008",
      pages          = "852",
      eprint         = "0710.3820",
      archivePrefix  = "arXiv",
      primaryClass   = "hep-ph",
}

@ARTICLE{fastjet,
     AUTHOR       = "Matteo Cacciari and Gavin P. Salam and Gregory Soyez",
     TITLE        = "FastJet user manual",
     JOURNAL      = "Eur. Phys. J. C",
     VOLUME       = "72",
     YEAR         = "2012",
     eprint    = "1111.6097",
     archivePrefix = "arXiv",
     primaryClass  =  "hep-ph",
     doi       = "10.1140/epjc/s10052-012-1896-2",
}

@Article{Cacciari:2008gp,
     AUTHOR    = "Cacciari, Matteo and Salam, Gavin P. and Soyez, Gregory",
     TITLE     = "The anti-$k_t$ jet clustering algorithm",
     JOURNAL   = "JHEP",
     VOLUME    = "04",
     YEAR      = "2008",
     doi       = "10.1088/1126-6708/2008/04/063",
     eprint         = "0802.1189",
     pages          = "063",     
     archivePrefix  = "arXiv",
     primaryClass   = "hep-ex",
}

@article{Csaki:2011ge,
      author         = "Csaki, Csaba and Grossman, Yuval and Heidenreich, Ben",
      title          = "{MFV SUSY: A Natural Theory for R-Parity Violation}",
      journal        = "Phys. Rev.",
      volume         = "D85",
      year           = "2012",
      pages          = "095009",
      doi            = "10.1103/PhysRevD.85.095009",
      eprint         = "1111.1239",
      archivePrefix  = "arXiv",
      primaryClass   = "hep-ph",
      SLACcitation   = "%%CITATION = ARXIV:1111.1239;%%"
}

@article{CLs1,
  author = "Read, A. L.",
  title = "Presentation of search results: the {$CL_s$} technique",
  journal = "J. Phys. G",
  volume = "28",
  pages = "2693",
  doi = "10.1088/0954-3899/28/10/313",
  year = "2002",
  SLACcitation   = "%%CITATION = JPHGB,G28,2693;%%",                                                                                     
}

@article{CLs2,
      author         = "Junk, Thomas",
      title          = "{Confidence level computation for combining searches with
                        small statistics}",
      journal        = "Nucl. Instrum. Meth. A",
      volume         = "434",
      pages          = "435",
      doi            = "10.1016/S0168-9002(99)00498-2",
      year           = "1999",
      eprint         = "hep-ex/9902006",
      archivePrefix  = "arXiv",
      primaryClass   = "hep-ex",
      reportNumber   = "CARLETON-OPAL-PHYS-99-01, CERN-EP-99-041",
      SLACcitation   = "%%CITATION = HEP-EX/9902006;%%",                                                                                 
}

@unpublished{LHCCLs,
      AUTHOR="{CMS and ATLAS Collaborations}",
      title        = "Procedure for the LHC Higgs boson search combination in Summer 2011",
      note       = "CMS-NOTE-2011-005",
      year         = "2011"
}

@ARTICLE{NLONLL1,
   author = {{Beenakker}, W. and {H{\"o}pker}, R. and {Spira}, M. and {Zerwas}, P.~M.},
    title = "{Squark and gluino production at hadron colliders}",
    journal        = "Nucl.~Phys. B",
      volume         = "492",
      pages          = "51",
      doi            = "10.1016/S0550-3213(97)80027-2",
      year           = "1997",
      eprint         = "hep-ph/9610490",
      archivePrefix  = "arXiv",
      primaryClass   = "hep-ph",
      reportNumber   = "DESY-96-150, CERN-TH-96-215",
}

@article{NLONLL2,
      author         = "Kulesza, A. and Motyka, L.",
      title          = "{Threshold resummation for squark-antisquark and
                        gluino-pair production at the LHC}",
      journal        = "Phys.~Rev.~Lett.",
      volume         = "102",
      pages          = "111802",
      doi            = "10.1103/PhysRevLett.102.111802",
      year           = "2009",
      eprint         = "0807.2405",
      archivePrefix  = "arXiv",
      primaryClass   = "hep-ph",
      reportNumber   = "DESY-08-096",
}


@article{NLONLL3,
      author         = "Kulesza, A. and Motyka, L.",
      title          = "{Soft gluon resummation for the production of
                        gluino-gluino and squark-antisquark pairs at the LHC}",
      journal        = "Phys.~Rev. D",
      volume         = "80",
      pages          = "095004",
      doi            = "10.1103/PhysRevD.80.095004",
      year           = "2009",
      eprint         = "0905.4749",
      archivePrefix  = "arXiv",
      primaryClass   = "hep-ph",
      reportNumber   = "DESY-09-078, PITHA-09-11",
}

@ARTICLE{NLONLL4,
   author = {{Beenakker}, W. and {Brensing}, S. and {Kr{\"a}mer}, M. and
        {Kulesza}, A. and {Laenen}, E. and {Niessen}, I.},
      title          = "{Soft-gluon resummation for squark and gluino
                        hadroproduction}",
      journal        = "JHEP",
      volume         = "12",
      pages          = "041",
      doi            = "10.1088/1126-6708/2009/12/041",
      year           = "2009",
      eprint         = "0909.4418",
      archivePrefix  = "arXiv",
      primaryClass   = "hep-ph",
      reportNumber   = "ITP-UU-09-33, NIKHEF-2009-015",
}

@ARTICLE{NLONLL5,
   author = {{Beenakker}, W. and {Brensing}, S. and {Kr{\"a}mer}, M. and
        {Kulesza}, A. and {Laenen}, E. and {Motyka}, L. and {Niessen}, I.
        },
      title          = "{Squark and gluino hadroproduction}",
      journal        = "Int.~J.~Mod.~Phys. A",
      volume         = "26",
      pages          = "2637",
      doi            = "10.1142/S0217751X11053560",
      year           = "2011",
      eprint         = "1105.1110",
      archivePrefix  = "arXiv",
      primaryClass   = "hep-ph",
      reportNumber   = "DESY-11-060, ITFA-11-09, ITP-UU-11-13, NIKHEF-2011-011,
			TTK-11-12",
}

@UNPUBLISHED{NLONLLerr,
      author = {{Kr{\"a}mer}, M. and {Kulesza}, A. and {van der Leeuw}, R. and
        {Mangano}, M. and {Padhi}, S. and {Plehn}, T. and {Portell}, X.},
      title          = "{Supersymmetry production cross sections in pp
                        collisions at $\sqrt{s}~=~7$~TeV}",
      year           = "2012",
      eprint         = "1206.2892",
      archivePrefix  = "arXiv",
      primaryClass   = "hep-ph",
      reportNumber   = "CERN-PH-TH-2012-163",
}

@article{NNPDF23,
      author = { {Ball}, R. et al},
      title          = "{Parton distributions with LHC data}",
      journal        = "Nucl. Phys. B",
      volume         = "867",
      year           = "2013",
      pages          = "244",
      doi            = "10.1016/j.nuclphysb.2012.10.003",
      eprint         = "1207.1303",
      archivePrefix  = "arXiv",
      primaryClass   = "hep-ph",
      reportNumber   = "EDINBURGH-2012-08, IFUM-FT-997, FR-PHENO-2012-014,
                        RWTH-TTK-12-25, CERN-PH-TH-2012-037, SFB-CPP-12-47",
      SLACcitation   = "%%CITATION = ARXIV:1207.1303;%%"
}


@techreport{LUMI,
      title         = "{CMS Luminosity Measurement for the 2015 Data Taking
                       Period}",
      institution   = "CERN",
      collaboration = "CMS",
      address       = "Geneva",
      number        = "CMS-PAS-LUM-15-001",
      year          = "2016",
      reportNumber  = "CMS-PAS-LUM-15-001",
      url           = "https://cds.cern.ch/record/2138682",
}
@Article{GEANT4,
     author    = "Agostinelli, S. and others",
 collaboration = "GEANT4",
     title     = "{GEANT4: A simulation toolkit}",
     journal   = "Nucl. Instrum. Meth. A",
     volume    = "506",
     year      = "2003",
     pages     = "250",
     doi       = "10.1016/S0168-9002(03)01368-8",
     SLACcitation  = "%%CITATION = NUIMA,A506,250;%%"
}
@ARTICLE{cmsdet,
     author    = "Chatrchyan, S. and others",
     collaboration = "CMS",
     title     = "The {CMS} experiment at the {CERN} {LHC}",
     journal   = "JINST",
     volume    = "3",
     year      = "2008",
     pages     = "S08004",
     doi       = "10.1088/1748-0221/3/08/S08004"
}
@ARTICLE{pvreco,
      author         = "Chatrchyan, Serguei and others",
      title          = "{Description and performance of track and primary-vertex
                        reconstruction with the CMS tracker}",
      collaboration  = "CMS",
      journal        = "JINST",
      volume         = "9",
      year           = "2014",
      number         = "10",
      pages          = "P10009",
      doi            = "10.1088/1748-0221/9/10/P10009",
      eprint         = "1405.6569",
      archivePrefix  = "arXiv",
      primaryClass   = "physics.ins-det",
      reportNumber   = "CMS-TRK-11-001, CERN-PH-EP-2014-070",
      SLACcitation   = "%%CITATION = ARXIV:1405.6569;%%"
}

@article{TRK-11-001,
      author         = "Chatrchyan, Serguei and others",
      title          = "{Description and performance of track and
                        primary-vertex reconstruction with the CMS
                        tracker}",
      collaboration  = "CMS",
      journal           = "JINST",
      volume          = "9",
      pages           = "P10009",
      doi            = "10.1088/1748-0221/9/10/P10009",
      year           = "2014",
      eprint         = "1405.6569",
      archivePrefix  = "arXiv",
      primaryClass   = "physics.ins-det",
      reportNumber   = "CMS-TRK-11-001, CERN-PH-EP-2014-070",
      SLACcitation   = "%%CITATION = ARXIV:1405.6569;%%",
}