%start actual bib here

@book{0415078547,
  Author = {B. Russell},
  Title = {A History of Western Philosophy; And its Connection with Political and Social Circumstances f
rom the Earliest Times to the Present Day},
  Publisher = {Routledge},
  Year = {1993},
  ISBN = {0415078547},
}

@book{dalton,
  Author = {J. Dalton},
  Title = {A New System of Chemical Philosophy},
  Publisher = {Manchester},
  Year = {1808},
}

@article{thomson:electron,
author = {J.J. Thomson},
title = {Cathod Rays},
journal = {Philosophical Magazine},
year = 1987,
volume = 44,
page = 293
}

@ARTICLE{1988PhST...22..102D,
   author = {H. {Dehmelt}},
    title = "{A Single Atomic Particle Forever Floating at Rest in Free Space: New Value for Electron Radius}",
  journal = {Physica Scripta Volume T},
     year = 1988,
    month = jan,
   volume = 22,
    pages = {102-110},
      doi = {10.1088/0031-8949/1988/T22/016},
   adsurl = {http://adsabs.harvard.edu/abs/1988PhST...22..102D},
  adsnote = {Provided by the SAO/NASA Astrophysics Data System}
}

@ARTICLE{2002PhLB..525...29B,
   author = {H.O. Back \textit{et al.}},
    title = "{Search for electron decay mode $e\rightarrow\gamma\nu$ with prototype of Borexino detector}",
  journal = {Physics Letters B},
     year = 2002,
    month = jan,
   volume = 525,
    pages = {29-40},
      doi = {10.1016/S0370-2693(01)01440-X},
   adsurl = {http://adsabs.harvard.edu/abs/2002PhLB..525...29B},
  adsnote = {Provided by the SAO/NASA Astrophysics Data System}
}



@article{cern-jinst-lhc,
         author         = "L. Evans and P. Bryant",
         title          = "LHC Machine",
         journal        = "Journal of Instrumentation",
         volume         = "3",
         pages          = "S08001",
         year           = "2008",
         note           = "\href{http://jinst.sissa.it/LHC/}{jinst.sissa.it/LHC/}",
}

@TechReport{LEP_DR1979,
  author = {LEP Design Group},
  title = {Design Study of a 22 to 130 GeV electron-positron Colliding Beam Machine (LEP)},
  institution =  {CERN},
  year = 1979,
  number = {CERN/ISR-LEP/79-33}
}

@unpublished{Dailler:842399,
      author        = "S. Dailler",
      title         = "{Map of the Geneva region and of the LHC.. Carte de la
                       region lemanique avec l'emplacement du LHC.}",
      month         = "Jul",
      year          = "1997",
      reportNumber  = "LHC-PHO-1997-169",
      url           = "http://cds.cern.ch/record/842399",
      note          = "AC Collection. Legacy of AC. Pictures from 1992 to 2002.",
}

@phdthesis{Tuna:thesis,
  title={{Evidence for Decays of the Higgs Boson to Tau Leptons at ATLAS}},
  author={A. Tuna},
  year={2015},
  school={University of Pennsylvania}
}

@misc{cern-accelerators,
      author        = "CERN",
      title         = "The Accelerator Complex",
      institution   = "CERN",
      address       = "Geneva",
      howpublished  = "\href{http://home.web.cern.ch/about/accelerators}{home.web.cern.ch/about/accelerators}",
      year          = "2015",
}

@unpublished{Jean-Luc:841493,
      author        = "J.-L. Caron",
      title         = "{CERN Accelerator Complex (operating and approved
                       projets).. Chaine des accelerateurs du CERN (en
                       fonctionnement et avec les projets aprouves).}",
      month         = "Jun",
      year          = "1991",
      reportNumber  = "LHC-PHO-1991-001",
      url           = "http://cds.cern.ch/record/841493",
      note          = "AC Collection. Legacy of AC. Pictures from 1992 to 2002.",
}

@unpublished{Team:40524,
      author        = "AC Team",
      title         = "{Diagram of an LHC dipole magnet. Schéma d'un aimant
                       dipôle du LHC}",
      month         = "Jun",
      year          = "1999",
      reportNumber  = "CERN-DI-9906025",
      url           = "http://cds.cern.ch/record/40524",
}

@article{cern-jinst-atlas,
         collaboration  = "ATLAS",
         title          = "The ATLAS Experiment at the CERN Large Hadron Collider",
         journal        = "Journal of Instrumentation",
         volume         = "3",
         pages          = "S08003",
         year           = "2008",
         note           = "\href{http://jinst.sissa.it/LHC/}{jinst.sissa.it/LHC/}",
}

@article{cern-jinst-lhcb,
         collaboration  = "LHCb",
         title          = "The LHCb Detector at the LHC",
         journal        = "Journal of Instrumentation",
         volume         = "3",
         pages          = "S08005",
         year           = "2008",
         note           = "\href{http://jinst.sissa.it/LHC/}{jinst.sissa.it/LHC/}",
}

@article{cern-jinst-alice,
         collaboration  = "ALICE",
         title          = "The ALICE experiment at the CERN LHC",
         journal        = "Journal of Instrumentation",
         volume         = "3",
         pages          = "S08002",
         year           = "2008",
         note           = "\href{http://jinst.sissa.it/LHC/}{jinst.sissa.it/LHC/}",
}

@electronic{CMS:lumi,
  title={{CMS Luminosity Public Results}},
  author={{CMS}},
  year={2014},
  howpublished={\url{https://twiki.cern.ch/twiki/bin/view/CMSPublic/LumiPublicResults}},
}

@book{cms:solenoid,
      title         = "{The CMS magnet project: Technical Design Report}",
      publisher     = "CERN",
      collaboration = "CMS Collaboration",
      address       = "Geneva",
      series        = "Technical Design Report CMS",
      year          = "1997",
      url           = "https://cds.cern.ch/record/331056",
}

@Article{Chatrchyan:2008zzk,
     author    = "S. Chatrchyan, \textit{et al.}",
     collaboration = "CMS",
     title     = "The {CMS} experiment at the {CERN} {LHC}",
     journal   = "JINST",
     volume    = "3",
     year      = "2008",
     pages     = "S08004",
     doi       = "10.1088/1748-0221/3/08/S08004",
     SLACcitation  = "%%CITATION = JINST,3,S08004;%%"
}

@book{Bayatian:922757,
      author        = "G. Bayatian \textit{et al.}",
      title         = "{CMS Physics: Technical Design Report Volume 1: Detector
                       Performance and Software}",
      publisher     = "CERN",
      collaboration = "CMS Collaboration",
      address       = "Geneva",
      series        = "Technical Design Report CMS",
      year          = "2006",
      url           = "http://cds.cern.ch/record/922757",
      note          = "There is an error on cover due to a technical problem for
                       some items",
}

@unpublished{Collaboration:1433717,
      author        = "CMS Collaboration",
      title         = "{Detector Drawings}",
      month         = "Mar",
      year          = "2012",
      reportNumber  = "CMS-PHO-GEN-2012-002",
      url           = "http://cds.cern.ch/record/1433717",
      note          = "CMS Collection.",
}

@book{Karimäki:368412,
      author        = "V. Karimäki, M. Mannelli, P. Siegrist, H. Breuker,
                       A. Caner, R. Castaldi, K. Freudenreich,
                       G. Hall, R. Horisberger, M. Huhtinen, and A. Cattai",
      title         = "{The CMS tracker system project: Technical Design Report}",
      publisher     = "CERN",
      collaboration = "CMS Collaboration",
      address       = "Geneva",
      series        = "Technical Design Report CMS",
      year          = "1997",
      url           = "https://cds.cern.ch/record/368412",
}

@book{ecaltdr,
      title         = "{The CMS electromagnetic calorimeter project: Technical
                       Design Report}",
      publisher     = "CERN",
      collaboration = "CMS Collaboration",
      address       = "Geneva",
      series        = "Technical Design Report CMS",
      year          = "1997",
      url           = "https://cds.cern.ch/record/349375",
}

@book{hcaltdr,
      title         = "{The CMS hadron calorimeter project: Technical Design
                       Report}",
      publisher     = "CERN",
      collaboration = "CMS Collaboration",
      address       = "Geneva",
      series        = "Technical Design Report CMS",
      year          = "1997",
      url           = "https://cds.cern.ch/record/357153",
      note          = "The following files are from
<a href="http://uscms.fnal.gov/pub/hcal_tdr/">http://uscms.fnal.gov/pub/hcal_tdr/</a>
                       and may not be the version as printed, please check the
                       printed version to be sure",
}

@book{muontdr,
      title         = "{The CMS muon project: Technical Design Report}",
      publisher     = "CERN",
      collaboration = "CMS Collaboration",
      address       = "Geneva",
      series        = "Technical Design Report CMS",
      year          = "1997",
      url           = "https://cds.cern.ch/record/343814",
}
















